@article{DBLP:journals/corr/Sohl-DicksteinW15,
	author       = {Jascha Sohl{-}Dickstein and
	Eric A. Weiss and
	Niru Maheswaranathan and
	Surya Ganguli},
	title        = {Deep Unsupervised Learning using Nonequilibrium Thermodynamics},
	journal      = {CoRR},
	volume       = {abs/1503.03585},
	year         = {2015},
	url          = {http://arxiv.org/abs/1503.03585},
	eprinttype    = {arXiv},
	eprint       = {1503.03585},
	timestamp    = {Mon, 13 Aug 2018 16:47:30 +0200},
	biburl       = {https://dblp.org/rec/journals/corr/Sohl-DicksteinW15.bib},
	bibsource    = {dblp computer science bibliography, https://dblp.org}
}

@article{DBLP:journals/corr/abs-2006-11239,
	author       = {Jonathan Ho and
	Ajay Jain and
	Pieter Abbeel},
	title        = {Denoising Diffusion Probabilistic Models},
	journal      = {CoRR},
	volume       = {abs/2006.11239},
	year         = {2020},
	url          = {https://arxiv.org/abs/2006.11239},
	eprinttype    = {arXiv},
	eprint       = {2006.11239},
	timestamp    = {Tue, 23 Jun 2020 17:57:22 +0200},
	biburl       = {https://dblp.org/rec/journals/corr/abs-2006-11239.bib},
	bibsource    = {dblp computer science bibliography, https://dblp.org}
}

